<?xml version="1.0"?>
<dataio-harvester-datafile>
  <data-container>
    <data-supplementary>
      <creationDate>20150814</creationDate>
      <enrichmentTrail>191919,870970</enrichmentTrail>
    </data-supplementary>
    <data>
      <collection xmlns="info:lc/xmlns/marcxchange-v1">
        <record xmlns:xsi="http://www.w3.org/2001/XMLSchema-instance" xsi:schemaLocation="http://www.loc.gov/standards/iso25577/marcxchange-1-1.xsd">
          <leader>00000n    2200000   4500</leader>
          <datafield ind1="0" ind2="0" tag="001">
            <subfield code="a">51886550</subfield>
            <subfield code="b">870970</subfield>
            <subfield code="c">20150814114357</subfield>
            <subfield code="d">20150814</subfield>
            <subfield code="f">a</subfield>
          </datafield>
          <datafield ind1="0" ind2="0" tag="004">
            <subfield code="r">n</subfield>
            <subfield code="a">e</subfield>
          </datafield>
          <datafield ind1="0" ind2="0" tag="008">
            <subfield code="t">m</subfield>
            <subfield code="v">7</subfield>
          </datafield>
          <datafield ind1="0" ind2="0" tag="009">
            <subfield code="a">a</subfield>
            <subfield code="g">xx</subfield>
          </datafield>
          <datafield ind1="0" ind2="0" tag="021">
            <subfield code="e">9788740604481</subfield>
            <subfield code="c">hf.</subfield>
          </datafield>
          <datafield ind1="0" ind2="0" tag="032">
            <subfield code="x">ACC201533</subfield>
          </datafield>
          <datafield ind1="0" ind2="0" tag="245">
            <subfield code="a">London</subfield>
          </datafield>
          <datafield ind1="0" ind2="0" tag="260">
            <subfield code="b">Turbine</subfield>
          </datafield>
          <datafield ind1="0" ind2="0" tag="300">
            <subfield code="a">sider</subfield>
          </datafield>
          <datafield ind1="0" ind2="0" tag="652">
            <subfield code="m">NY TITEL</subfield>
          </datafield>
          <datafield ind1="0" ind2="0" tag="996">
            <subfield code="a">DBC</subfield>
          </datafield>
          <datafield ind1="0" ind2="0" tag="d08">
            <subfield code="o">sah</subfield>
            <subfield code="a">Udkommer d. 08.09.15</subfield>
          </datafield>
          <datafield ind1="0" ind2="0" tag="d31">
            <subfield code="b">155</subfield>
            <subfield code="h">212</subfield>
            <subfield code="t">3</subfield>
          </datafield>
          <datafield ind1="0" ind2="0" tag="d32">
            <subfield code="b">155</subfield>
            <subfield code="h">212</subfield>
            <subfield code="t">7</subfield>
          </datafield>
          <datafield ind1="0" ind2="0" tag="d35">
            <subfield code="a">P</subfield>
            <subfield code="i">04</subfield>
            <subfield code="n">10</subfield>
            <subfield code="p">04</subfield>
            <subfield code="q">10</subfield>
          </datafield>
          <datafield ind1="0" ind2="0" tag="f06">
            <subfield code="b">l</subfield>
            <subfield code="b">b</subfield>
            <subfield code="b">s</subfield>
          </datafield>
          <datafield ind1="0" ind2="0" tag="s10">
            <subfield code="a">DBC</subfield>
          </datafield>
          <datafield ind1="0" ind2="0" tag="z98">
            <subfield code="a">Minus korrekturprint</subfield>
          </datafield>
          <datafield ind1="0" ind2="0" tag="z99">
            <subfield code="a">sah</subfield>
          </datafield>
        </record>