
      </collection>
    </data>
  </data-container>
  <data-container>
    <data-supplementary>
      <creationDate>20150813</creationDate>
      <enrichmentTrail>191919,870970</enrichmentTrail>
    </data-supplementary>
    <data>
      <collection xmlns="info:lc/xmlns/marcxchange-v1">
        <record xmlns:xsi="http://www.w3.org/2001/XMLSchema-instance" xsi:schemaLocation="http://www.loc.gov/standards/iso25577/marcxchange-1-1.xsd">
          <leader>00000n    2200000   4500</leader>
          <datafield ind1="0" ind2="0" tag="001">
            <subfield code="a">51858816</subfield>
            <subfield code="b">870970</subfield>
            <subfield code="c">20150814114358</subfield>
            <subfield code="d">20150728</subfield>
            <subfield code="f">a</subfield>
          </datafield>
          <datafield ind1="0" ind2="0" tag="004">
            <subfield code="r">n</subfield>
            <subfield code="a">e</subfield>
          </datafield>
          <datafield ind1="0" ind2="0" tag="008">
            <subfield code="t">m</subfield>
            <subfield code="u">f</subfield>
            <subfield code="a">2015</subfield>
            <subfield code="b">dk</subfield>
            <subfield code="d">&#xE5;</subfield>
            <subfield code="d">y</subfield>
            <subfield code="l">dan</subfield>
            <subfield code="o">b</subfield>
            <subfield code="x">02</subfield>
            <subfield code="v">0</subfield>
          </datafield>
          <datafield ind1="0" ind2="0" tag="009">
            <subfield code="a">a</subfield>
            <subfield code="g">xx</subfield>
          </datafield>
          <datafield ind1="0" ind2="0" tag="021">
            <subfield code="e">9788762723160</subfield>
            <subfield code="c">ib.</subfield>
          </datafield>
          <datafield ind1="0" ind2="0" tag="032">
            <subfield code="x">ACC201531</subfield>
            <subfield code="a">DBF201536</subfield>
            <subfield code="x">BKM201536</subfield>
          </datafield>
          <datafield ind1="0" ind2="0" tag="041">
            <subfield code="a">dan</subfield>
            <subfield code="c">eng</subfield>
          </datafield>
          <datafield ind1="0" ind2="0" tag="100">
            <subfield code="a">Spilsbury</subfield>
            <subfield code="h">Louise</subfield>
            <subfield code="4">aut</subfield>
          </datafield>
          <datafield ind1="0" ind2="0" tag="241">
            <subfield code="a">Brazil and Rio de JaneiroChina and Beijing</subfield>
          </datafield>
          <datafield ind1="0" ind2="0" tag="245">
            <subfield code="a">Brasilien og Rio de Janeiro</subfield>
          </datafield>
          <datafield ind1="0" ind2="0" tag="260">
            <subfield code="&amp;">1</subfield>
            <subfield code="a">Holte</subfield>
            <subfield code="b">Flachs</subfield>
            <subfield code="c">2015n</subfield>
          </datafield>
          <datafield ind1="0" ind2="0" tag="300">
            <subfield code="a">46 sider</subfield>
            <subfield code="b">ill. i farver</subfield>
            <subfield code="c">28 cm</subfield>
          </datafield>
          <datafield ind1="0" ind2="0" tag="440">
            <subfield code="0"/>
            <subfield code="a">Verden i udvikling</subfield>
          </datafield>
          <datafield ind1="0" ind2="0" tag="504">
            <subfield code="&amp;">1</subfield>
            <subfield code="a">Brasilien er et land, der gennemg&#xE5;r hurtige &#xF8;konomiske og sociale forandringer, der tydeligst ses i storbyen Rio de Janeiro. Landet er n&#xF8;dt til at l&#xF8;se en lang r&#xE6;kke problemer bl.a. udj&#xE6;vne de store forskelle mellem rige og fattige og beskytte landets enest&#xE5;ende regnskove</subfield>
          </datafield>
          <datafield ind1="0" ind2="0" tag="521">
            <subfield code="b">1. oplag</subfield>
            <subfield code="c">2015n</subfield>
            <subfield code="k">tr. i udl.</subfield>
          </datafield>
          <datafield ind1="0" ind2="0" tag="530">
            <subfield code="&amp;">1</subfield>
            <subfield code="a">Indhold: Her er Brasilien : At bo i Brasilien ; Sociale problemer ; &#xD8;konomi og infrastruktur ; Kultur ; Fremtiden</subfield>
          </datafield>
          <datafield ind1="0" ind2="0" tag="532">
            <subfield code="&amp;">1</subfield>
            <subfield code="a">Med litteraturhenvisningerog links</subfield>
          </datafield>
          <datafield ind1="0" ind2="0" tag="652">
            <subfield code="m">48.88</subfield>
          </datafield>
          <datafield ind1="0" ind2="0" tag="666">
            <subfield code="0"/>
            <subfield code="f">samfundsforhold</subfield>
          </datafield>
          <datafield ind1="0" ind2="0" tag="666">
            <subfield code="0"/>
            <subfield code="f">politiske forhold</subfield>
          </datafield>
          <datafield ind1="0" ind2="0" tag="666">
            <subfield code="0"/>
            <subfield code="f">geografi</subfield>
          </datafield>
          <datafield ind1="0" ind2="0" tag="666">
            <subfield code="0"/>
            <subfield code="e">Rio de Janeiro</subfield>
          </datafield>
          <datafield ind1="0" ind2="0" tag="666">
            <subfield code="0"/>
            <subfield code="e">Brasilien</subfield>
          </datafield>
          <datafield ind1="0" ind2="0" tag="666">
            <subfield code="0"/>
            <subfield code="u">for 12 &#xE5;r</subfield>
          </datafield>
          <datafield ind1="0" ind2="0" tag="666">
            <subfield code="0"/>
            <subfield code="u">for 13 &#xE5;r</subfield>
          </datafield>
          <datafield ind1="0" ind2="0" tag="666">
            <subfield code="0"/>
            <subfield code="u">for 14 &#xE5;r</subfield>
          </datafield>
          <datafield ind1="0" ind2="0" tag="666">
            <subfield code="0"/>
            <subfield code="u">for 15 &#xE5;r</subfield>
          </datafield>
          <datafield ind1="0" ind2="0" tag="720">
            <subfield code="o">Leif Schack-Nielsen</subfield>
            <subfield code="4">trl</subfield>
          </datafield>
          <datafield ind1="0" ind2="0" tag="996">
            <subfield code="a">DBC</subfield>
          </datafield>
          <datafield ind1="0" ind2="0" tag="d08">
            <subfield code="o">mbf</subfield>
            <subfield code="a">Udk. 27.08.2015</subfield>
            <subfield code="o">ea</subfield>
          </datafield>
          <datafield ind1="0" ind2="0" tag="d31">
            <subfield code="b">216</subfield>
            <subfield code="h">270</subfield>
            <subfield code="t">7</subfield>
          </datafield>
          <datafield ind1="0" ind2="0" tag="d32">
            <subfield code="b">211</subfield>
            <subfield code="h">265</subfield>
          </datafield>
          <datafield ind1="0" ind2="0" tag="d35">
            <subfield code="a">P</subfield>
            <subfield code="i">02</subfield>
            <subfield code="n">05</subfield>
            <subfield code="p">01</subfield>
            <subfield code="q">05</subfield>
          </datafield>
          <datafield ind1="0" ind2="0" tag="f06">
            <subfield code="b">l</subfield>
            <subfield code="b">b</subfield>
            <subfield code="b">s</subfield>
          </datafield>
          <datafield ind1="0" ind2="0" tag="s10">
            <subfield code="a">DBC</subfield>
          </datafield>
          <datafield ind1="0" ind2="0" tag="s12">
            <subfield code="t">TeamBMV201533</subfield>
          </datafield>
          <datafield ind1="0" ind2="0" tag="z99">
            <subfield code="a">ea</subfield>
          </datafield>
        </record>
      </collection>
    </data>
  </data-container>
</dataio-harvester-datafile>
